<?xml version="1.0" encoding="UTF-8"?><collection xmlns="http://www.loc.gov/MARC21/slim"><record><leader>00389nam--2200121-i-4500</leader><controlfield tag="001">000036101</controlfield><controlfield tag="002">20161230</controlfield><controlfield tag="005">20161230201040</controlfield><controlfield tag="008">060222s1000------------r-----000-0-eng-d</controlfield><datafield ind1=" " ind2=" " tag="245"><subfield code="a">Niobium, tantal, molybden and tungsten.report of a conference held in the university of sheffield 20-22 sept.1960</subfield></datafield><datafield ind1=" " ind2=" " tag="260"><subfield code="a">Amsterdam, Elsevier Publ.Co., 1961. 413p</subfield></datafield><datafield ind1=" " ind2=" " tag="700"><subfield code="a">Quarrell, A. G</subfield></datafield><datafield ind1=" " ind2=" " tag="852"><subfield code="a">17643</subfield></datafield></record></collection>